%% This BibTeX bibliography file was created using BibDesk.
%% http://bibdesk.sourceforge.net/


%% Created for Khan Reaz at 2014-12-08 11:04:57 +0100 


%% Saved with string encoding Unicode (UTF-8) 



@webpage{OlegIEEE,
	Author = {Oleg Logvinov},
	Date-Modified = {2014-09-11 10:04:18 +0000},
	Day = {11},
	Month = Sep,
	Publisher = {Electronic Design},
	Title = {Open Standards Will Enable the IoT's Growth},
	Url = {http://electronicdesign.com/communications/open-standards-will-enable-iot-s-growth},
	Year = {2014}
	}

@webpage{SweetNasa,
	Author = {Oleg Logvinov},
	Date-Modified = {2014-08-12 10:04:18 +0000},
	Day = {12},
	Month = Aug,
	Publisher = {Jet Propulsion Laboratory},
	Title = {SWEET Overview},
	Url = {https://sweet.jpl.nasa.gov/},
	Year = {2014}
	}
	



@inproceedings{HAL,
  title={Ontologies for the Internet of Things},
  author={Hachem, Sara and Teixeira, Thiago and Issarny, Val{\'e}rie},
  booktitle={Proceedings of the 8th Middleware Doctoral Symposium},
  pages={3},
  year={2011},
  organization={ACM}
}

@article{SSN,
  title={Semantic sensor network xg final report},
  author={Lefort, Laurent and Henson, Cory and Taylor, Kerry and Barnaghi, Payam and Compton, Michael and Corcho, Oscar and Garcia-Castro, Raul and Graybeal, John and Herzog, Arthur and Janowicz, Krzysztof and others},
  journal={W3C Incubator Group Report},
  volume={28},
  year={2011}
}

@inproceedings{SUMO,
  title={Towards a standard upper ontology},
  author={Niles, Ian and Pease, Adam},
  booktitle={Proceedings of the international conference on Formal Ontology in Information Systems-Volume 2001},
  pages={2--9},
  year={2001},
  organization={ACM}
}

@article{allen1984towards,
  title={Towards a general theory of action and time},
  author={Allen, James F},
  journal={Artificial intelligence},
  volume={23},
  number={2},
  pages={123--154},
  year={1984},
  publisher={Elsevier}
}

@article{CSIROsensor,
  title={Tasmanian ICT Centre, CSIRO GPO Box 1538, Hobart, TAS 7001, Australia b CSIRO ICT Centre GPO Box 664, Canberra, ACT 2601, Australia},
  author={NEUHAUS, Holger and COMPTON, Michael},
  publisher={Citeseer}
}


@article{douglas,
  title={An open distributed architecture for sensor networks for risk management},
  author={Douglas, John and Usl{\"a}nder, Thomas and Schimak, Gerald and Esteban, J Fernando and Denzer, Ralf},
  journal={Sensors},
  volume={8},
  number={3},
  pages={1755--1773},
  year={2008},
  publisher={Molecular Diversity Preservation International}
}

@incollection{AgOnto,
year={2011},
isbn={978-3-642-18332-4},
booktitle={Computer and Computing Technologies in Agriculture IV},
volume={344},
series={IFIP Advances in Information and Communication Technology},
editor={Li, Daoliang and Liu, Yande and Chen, Yingyi},

title={AgOnt: Ontology for Agriculture Internet of Things},

publisher={Springer Berlin Heidelberg},
keywords={Agriculture Internet of Things; Ontology; Semantics},
author={Hu, Siquan and Wang, Haiou and She, Chundong and Wang, Junfeng},
pages={131-137},
language={English}
}

@webpage{IoTnot,
	Author = {Tomás Sánchez López},
	Publisher = {Tomás Sánchez López},
	Title = {What the Internet of Things is NOT},
	Year = {2012},
	Url = {http://technicaltoplus.blogspot.de},
	urldate = {2012-02-10}
	}

@article{W3Cdef,
  title={The internet of things: concept and problem statement: 05},
  author={Lee, Gyu Myoung and Park, Jungsoo and Kong, Ning and Crespi, Noel and others},
  year={2012}
}


@book{makethingstalk,
  title={Enabling Things to Talk: Designing IoT Solutions with the IoT Architectural Reference Model},
  author={Bassi, Alessandro and Bauer, Martin and Fiedler, Martin and Kramp, Thorsten and Kranenburg, Rob and Lange, Sebastian and Meissner, Stefan},
  year={2013},
  publisher={Springer}
}
	
@webpage{oiot,
	Author = {EU ICT Open IOT Project},
	Publisher = {Open IoT},
	Title = {OpenIoT Ontology},
	Year = {2012},
	Url = {http://academics.openiot.eu/?q=ontology/ns},
	urldate = {2012-02-10}
	}


@webpage{oiotgit,
	Author = {Nikos Kefalakis},
	Publisher = {EU ICT Open IOT Project},
	Title = {Why OpenIoT},
	Year = {2013},
	Url = {https://github.com/OpenIotOrg/openiot/wiki/Why-OpenIoT},
	urldate = {2015-01-25}
	}

@INPROCEEDINGS{smartinternet, 
author={Manate, B. and Munteanu, V.I. and Fortis, T.F.}, 
booktitle={Complex, Intelligent and Software Intensive Systems (CISIS), 2014 Eighth International Conference on}, 
title={Towards a Smarter Internet of Things: Semantic Visions}, 
year={2014}, 
month={July}, 
pages={582-587}, 
keywords={Internet;Internet of Things;ecology;ontologies (artificial intelligence);open systems;Internet of Things;IoT-enabled ecosystems;future Internet;ontology-based semantic standards;semantic annotations;semantic interoperability;semantic visions;societal changes;Actuators;Context;Internet of Things;Multi-agent systems;Ontologies;Semantics;Sensors;context modelling;internet of things;multi-agent system;ontologies}, 
doi={10.1109/CISIS.2014.84},}


@inproceedings{sweetorig,
  title={Semantic web for earth and environmental terminology (sweet)},
  author={Raskin, Rob and Pan, Michael},
  booktitle={Proc. of the Workshop on Semantic Web Technologies for Searching and Retrieving Scientific Data},
  year={2003}
}


@INPROCEEDINGS{descriptiononto, 
author={Wei Wang and De, S. and Toenjes, R. and Reetz, E. and Moessner, K.}, 
booktitle={Trust, Security and Privacy in Computing and Communications (TrustCom), 2012 IEEE 11th International Conference on}, 
title={A Comprehensive Ontology for Knowledge Representation in the Internet of Things}, 
year={2012}, 
month={June}, 
pages={1793-1798}, 
keywords={Internet;design engineering;ontologies (artificial intelligence);open systems;service-oriented architecture;ubiquitous computing;user interfaces;Internet of things;business services;comprehensive description ontology design;context awareness;dynamic composition;interoperability;knowledge representation;semantic modeling;service discovery;service oriented computing;service testing;standard service interfaces;Ontologies;Quality of service;Semantics;Sensor phenomena and characterization;Testing;Unified modeling language;Internet of Things;IoT Services;Ontology;Ontology Modelling;Service Testing}, 
doi={10.1109/TrustCom.2012.20},}


@INPROCEEDINGS{serviceplatform, 
author={Dong-Hwan Park and Hyo-Chan Bang and Cheol Sik Pyo and Soon-Ju Kang}, 
booktitle={Internet of Things (WF-IoT), 2014 IEEE World Forum on}, 
title={Semantic open IoT service platform technology}, 
year={2014}, 
month={March}, 
pages={85-88}, 
keywords={Internet of Things;open systems;ubiquitous computing;IoT devices;invisible information collection;open sensing information;semantic interoperability;semantic open IoT service platform technology;smart devices;smart life services;Internet;Iron;Middleware;Ontologies;Semantics;Sensors;Sleep apnea;Internet of Things;semantic interoperability;semantic technology;service ontology;service platform}, 
doi={10.1109/WF-IoT.2014.6803125},}


@article{ssnelsh,
  title={The SSN ontology of the W3C semantic sensor network incubator group},
  author={Compton, Michael and Barnaghi, Payam and Bermudez, Luis and Garc{\'\i}A-Castro, Ra{\'u}L and Corcho, Oscar and Cox, Simon and Graybeal, John and Hauswirth, Manfred and Henson, Cory and Herzog, Arthur and others},
  journal={Web Semantics: Science, Services and Agents on the World Wide Web},
  volume={17},
  pages={25--32},
  year={2012},
  publisher={Elsevier}
}

@article{CSIROssn,
author = {Taylor, Kerry and Compton, Michael},
file = {:Users/SnowStorm/Google Drive/EIT/TUB/NGN/Read\_Done/CSIROssn.pdf:pdf},
pages = {1--12},
title = {{Semantically-Enabling the Web of Things : The W3C Semantic Sensor Network Ontology}},
year = {2012},
publisher={eResearch Australasia}
}


@inproceedings{de2011service,
  title={Service modelling for the Internet of Things},
  author={De, Suparna and Barnaghi, Payam and Bauer, Martin and Meissner, Stefan},
  booktitle={Computer Science and Information Systems (FedCSIS), 2011 Federated Conference on},
  pages={949--955},
  year={2011},
  organization={IEEE}
}

@INPROCEEDINGS{OBOE, 
author={De, S. and Barnaghi, P. and Bauer, M. and Meissner, S.}, 
booktitle={Computer Science and Information Systems (FedCSIS), 2011 Federated Conference on}, 
title={Service modelling for the Internet of Things}, 
year={2011}, 
month={Sept}, 
pages={949-955}, 
keywords={Internet;inference mechanisms;Internet of things;IoT framework;association mechanisms;heterogeneous objects;machine-processible approach;physical environment interaction;real-world services;reasoning mechanisms;semantic modeling approach;semantic search;service modelling;Actuators;Data models;Educational institutions;Grounding;Internet;Ontologies;Semantics}
}

@ARTICLE{semanticsensor, 
author={Sheth, A. and Henson, C. and Sahoo, S.S.}, 
journal={Internet Computing, IEEE}, 
title={Semantic Sensor Web}, 
year={2008}, 
month={July}, 
volume={12}, 
number={4}, 
pages={78-83}, 
keywords={distributed sensors;semantic Web;semantic networks;contextual information;semantic metadata;semantic sensor Web;situational knowledge;Biosensors;Levee;Radiation detectors;Rivers;Sensor arrays;Sensor phenomena and characterization;Standardization;Standards development;Web services;XML;Semantic Sensor Web;Semantic Web;Semantics and services;Sensor Networks;Situation Awareness}, 
doi={10.1109/MIC.2008.87}, 
ISSN={1089-7801},
}


@article{corcho2003methodologies,
  title={Methodologies, tools and languages for building ontologies. Where is their meeting point?},
  author={Corcho, Oscar and Fern{\'a}ndez-L{\'o}pez, Mariano and G{\'o}mez-P{\'e}rez, Asunci{\'o}n},
  journal={Data \& knowledge engineering},
  volume={46},
  number={1},
  pages={41--64},
  year={2003},
  publisher={Elsevier}
}


@article{nechesonto,
  title={Enabling technology for knowledge sharing},
  author={Neches, Robert and Fikes, Richard E and Finin, Tim and Gruber, Thomas and Patil, Ramesh and Senator, Ted and Swartout, William R},
  journal={AI magazine},
  volume={12},
  number={3},
  year={1991}
}

@article{gruber1993translation,
  title={A translation approach to portable ontology specifications},
  author={Gruber, Thomas R},
  journal={Knowledge acquisition},
  volume={5},
  number={2},
  pages={199--220},
  year={1993},
  publisher={Elsevier}
}

@misc{noy2001ontology,
  title={Ontology development 101: A guide to creating your first ontology},
  author={Noy, Natalya F and McGuinness, Deborah L and others},
  year={2001},
  publisher={Stanford knowledge systems laboratory technical report KSL-01-05 and Stanford medical informatics technical report SMI-2001-0880}
}


@article{wang2013knowledge,
  title={Knowledge representation in the internet of things: semantic modelling and its applications},
  author={Wang, Wei and De, Suparna and Cassar, Gilbert and Moessner, Klaus},
  journal={Automatika--Journal for Control, Measurement, Electronics, Computing and Communications},
  volume={54},
  number={4},
  year={2013}
}


@article{olang,
  title={Ontology languages for the semantic web},
  author={G{\'o}mez-P{\'e}rez, Asunci{\'o}n and Corcho, Oscar},
  journal={Intelligent Systems, IEEE},
  volume={17},
  number={1},
  pages={54--60},
  year={2002},
  publisher={IEEE}
}

@techreport{kotis2012iot,
  title={An iot-ontology for the representation of interconnected, clustered and aligned smart entities},
  author={Kotis, Konstantinos and Katasonov, Artem},
  year={2012},
  institution={Technical report, VTT Technical Research Center, Finland VTT Technical Research Center, Finland}
}

@incollection{aggarwal2013internet,
  title={The internet of things: A survey from the data-centric perspective},
  author={Aggarwal, Charu C and Ashish, Naveen and Sheth, Amit},
  booktitle={Managing and mining sensor data},
  pages={383--428},
  year={2013},
  publisher={Springer}
}

@article{sireteanu2013survey,
  title={A Survey of web ontology languages and semantic web services},
  author={Sireteanu, Alexandru Napoleon},
  journal={Annals of the Alexandru Ioan Cuza University-Economics},
  volume={60},
  number={1},
  pages={42--53},
  year={2013}
}

@article{welty2004owl,
  title={Owl web ontology language guide},
  author={Welty, Chris and McGuinness, Deborah L and Smith, Michael K},
  journal={W3C recommendation, W3C (February 2004) http://www. w3. org/TR/2004/REC-owl-guide-20040210},
  year={2004}
}

@article{motik2009owl,
  title={OWL 2 web ontology language: Structural specification and functional-style syntax},
  author={Motik, Boris and Patel-Schneider, Peter F and Parsia, Bijan and Bock, Conrad and Fokoue, Achille and Haase, Peter and Hoekstra, Rinke and Horrocks, Ian and Ruttenberg, Alan and Sattler, Uli and others},
  journal={W3C recommendation},
  volume={27},
  number={65},
  pages={159},
  year={2009}
}

@article{shadbolt2006semantic,
  title={The semantic web revisited},
  author={Shadbolt, Nigel and Hall, Wendy and Berners-Lee, Tim},
  journal={Intelligent Systems, IEEE},
  volume={21},
  number={3},
  pages={96--101},
  year={2006},
  publisher={IEEE}
}


@article{heflin2004owl,
  title={OWL Web Ontology Language-Use Cases and Requirements},
  author={Heflin, Jeff},
  journal={W3C Recommendation},
  volume={10},
  pages={12},
  year={2004}
}

@article{wickgeonames,
  title={Geonames ontology},
  author={Wick, Marc and Vatant, B and Christophe, B},
  journal={URL http://www. geonames. org/ontology}
}